@article{levenshtein1966,
  author       = {Levenshtein, V. I.},
  title        = {Binary Codes Capable of Correcting Deletions, Insertions, and Reversals},
  journal      = {Soviet Physics Doklady},
  volume       = {10},
  number       = {8},
  year         = {1966},
  pages        = {707--710},
}